<?xml version="1.0" encoding="UTF-8"?><collection xmlns="http://www.loc.gov/MARC21/slim"><record><leader>00562nam--2200193-u-4500</leader><controlfield tag="001">000056802</controlfield><controlfield tag="002">20191007</controlfield><controlfield tag="005">20191007021857</controlfield><controlfield tag="008">191007s1000------------r-----000-0-eng-d</controlfield><datafield ind1=" " ind2=" " tag="040"><subfield code="a">IFIN-HH</subfield></datafield><datafield ind1=" " ind2=" " tag="041"><subfield code="a">eng</subfield></datafield><datafield ind1="1" ind2=" " tag="100"><subfield code="a">Bakos, J.S. /S.A.</subfield></datafield><datafield ind1="1" ind2="0" tag="245"><subfield code="a">XVII International Conference on Phenomena in Ionized Gases. Contributed papers. Vol. 1</subfield><subfield code="c">J.S. Bakos, Zsuzsa Sorlei (eds.)</subfield></datafield><datafield ind1=" " ind2=" " tag="260"><subfield code="a">Budapesta</subfield><subfield code="c">1985</subfield></datafield><datafield ind1=" " ind2=" " tag="300"><subfield code="a">XLV+539 p</subfield></datafield><datafield ind1=" " ind2=" " tag="500"><subfield code="a">Donatie Gheorghe Dinescu</subfield></datafield><datafield ind1="1" ind2=" " tag="700"><subfield code="a">Sorlei, Zsuzsa</subfield></datafield><datafield ind1=" " ind2=" " tag="852"><subfield code="a">82764</subfield><subfield code="c">061.3</subfield></datafield><datafield ind1=" " ind2=" " tag="CAT"><subfield code="a">SYS</subfield><subfield code="c">20191007</subfield><subfield code="h">021857</subfield></datafield></record></collection>